@book{Tryon:Cluster:1939,
    author    = "Tryon, R. C.",
    title     = "Cluster Analysis",
    publisher = "Ann Arbor: Edwards Brothers",
    year      = "1939",
}

@book{Terentyev,
    author    = "Теpентьев П. В",
    title     = "Метод корреляционных плеяд",
    publisher = "Вестник Ленинградского университета",
    year      = "1959",
}

@book{SokalSneath,
    author    = "Socal, R. and Sneath, P.",
    title     = "Principles of Numerical Taxonomy",
    publisher = "San Francisco: W.H. Freeman",
    year      = "1963",
}
@techreport{Perceptron,
    author  = "Rosenblatt, Frank",
    title     = "The Perceptron--a perceiving and recognizing automaton",
    institution = "Cornell Aeronautical Laboratory",
    year = "1957",
    number = "85-460-1",
}
